@BOOK {livroUML2,
    author    = "Gilleanes T.A. Guedes",
    title     = "UML 2: uma abordagem prática",
    publisher = "São Paulo: Novatec",
    year      = "2012",
    edition   = "second"
}